2826 5070
533 991 589 1093 L.
628 989 686 1094 B.

165 1230 311 1356 offero
329 1289 427 1338 nunc
445 1265 510 1337 tibi
528 1264 699 1360 libellum,
718 1290 823 1362 quem
840 1271 966 1340 statim
979 1275 1067 1362 post
1085 1272 1258 1341 utmorem

161 1387 282 1482 lenum
309 1383 627 1479 lonoobardorum
655 1384 846 1458 editionem
864 1411 919 1458 me
932 1393 1153 1480 paraturum
1172 1410 1258 1481 esne,

138 1496 263 1578 'anno
292 1506 492 1596 praeterito
519 1502 708 1596 pollicitus
739 1528 859 1599 eram,
904 1513 945 1577 ut
979 1508 1071 1578 iuris
1104 1504 1260 1579 studiosi

163 1624 353 1717 teyumque
372 1624 504 1715 periti,
531 1621 663 1717 quibus
689 1623 832 1717 orande
858 1622 951 1695 illud
980 1623 1257 1696 Pertzinnorum

163 1738 484 1812 Monumentorum
502 1741 673 1814 uolumen
689 1741 741 1813 ud
758 1765 908 1814 monum
925 1740 1257 1836 annuntiatum

161 1863 327 1953 ipsarum
346 1859 466 1955 lenum
481 1867 652 1933 contentu
666 1864 703 1933 in
717 1864 958 1957 iuteqritatem
971 1885 1078 1933 suam
1092 1862 1259 1932 restituto

159 1980 303 2053 interim
316 2002 392 2051 non
406 1986 583 2051 carerent.
611 1980 654 2051 In
667 2003 738 2075 quo
752 1979 1006 2053 constituendo
1022 1984 1076 2051 itu
1090 1986 1258 2051 uerentun

158 2121 252 2193 oum,
277 2104 392 2190 uteo,
418 2100 568 2192 quaein
585 2097 687 2170 nullo
706 2098 800 2170 libro
820 2101 1068 2193 manuscripto
1088 2120 1200 2193 aeque
1217 2120 1255 2169 ne

157 2216 306 2311 nabent,
326 2217 443 2288 literis
462 2215 619 2313 obliquis
638 2217 828 2311 (nursinae
844 2215 953 2289 hodie
966 2215 1153 2311 appellare
1166 2214 1259 2287 mde-

158 2335 258 2431 mus)
270 2338 573 2430 inprimerentur3
584 2334 721 2407 notulis
734 2358 834 2431 uero,
847 2338 940 2408 inter
954 2340 1106 2408 uminou
1117 2336 1258 2429 pontiu,

156 2455 229 2528 loci
247 2453 308 2526 uel
326 2458 415 2526 anni
432 2458 470 2525 in
488 2457 577 2548 ipsis
595 2454 735 2548 leuibus
758 2453 904 2527 laudati
928 2457 1139 2527 aeeurntiun
1163 2452 1255 2525 indi·

156 2579 341 2645 carentur.
395 2571 549 2666 Reliqua
582 2572 823 2644 adnotatione
844 2572 1057 2670 plerumque
1084 2572 1254 2665 obuium,

156 2692 229 2762 nisi
247 2690 280 2758 si
298 2691 336 2758 in
354 2691 490 2757 maiori
508 2687 664 2760 editione
681 2694 801 2761 minue
825 2697 922 2795 reete
937 2689 996 2762 uel
1018 2694 1139 2763 euinun
1152 2688 1257 2782 plone

157 2804 248 2903 quid
265 2804 402 2877 didisse
420 2803 509 2876 milti
525 2802 692 2876 uidebar.
729 2806 888 2877 ludiaem
906 2829 992 2879 uero
1007 2832 1128 2879 rerum
1148 2814 1256 2902 litque

154 2925 352 2999 uerborum
371 2922 488 2997 eidem
509 2922 605 2995 libro
633 2922 837 3017 adiectum,
865 2925 902 2995 in
929 2946 1000 3020 quo
1027 2923 1253 2997 elleborundu

153 3070 227 3118 non
254 3045 368 3117 leuem
396 3067 547 3137 operam
573 3066 865 3137 mammonam,
898 3064 995 3115 nune
1016 3043 1253 3115 retractando

154 3173 191 3237 et
220 3161 473 3237 contrahendo
505 3161 559 3234 ad
588 3165 765 3236 minorem
796 3166 905 3235 etiam
936 3160 1094 3233 libellum
1121 3168 1252 3257 aptam

150 3283 289 3356 studui.
333 3280 426 3354 Vale.

306 3445 451 3519 Datum
468 3446 622 3519 Bounue
639 3450 661 3521 3
682 3445 826 3519 Octobri
850 3448 955 3521 mou

632 3682 915 3759 Fssfflsssstcvs
943 3680 1147 3757 munau
