2828 5048
263 407 303 470 66
482 400 648 463 EDICTVS
670 399 848 461 ROTHARl
871 399 953 464 cte.
975 400 1152 465 353-359.

349 589 420 653 353.
465 585 497 646 Si
518 586 580 645 duo
603 583 737 664 porcarii
764 585 843 645 inter
866 602 900 646 se
927 581 1115 644 battederiut
1142 589 1195 644 aut
1223 585 1373 646 scauda-

263 690 328 752 lum
358 686 582 758 commiserint,
605 686 714 766 plagas
743 693 796 746 aut
821 685 929 747 feritas
959 693 1173 765 conponatur;
1205 703 1284 746 nam
1307 685 1373 748 alia

265 792 355 870 eulpa
376 809 439 850 non
462 788 647 868 requiratur.

349 892 420 957 354.
463 890 510 949 De
532 906 644 967 campo
668 887 771 948 alieno
793 896 892 949 arato.
937 887 967 948 si
984 889 1051 967 quis
1067 906 1214 968 eampum
1229 889 1372 951 alienum

267 993 419 1065 arauerit,
453 992 552 1054 sciens
581 1009 644 1050 non
672 1009 778 1066 suum,
818 997 871 1050 aut
903 998 1073 1051 sementem
1108 1009 1260 1070 spargere
1288 1010 1373 1070 pre-

267 1095 447 1175 sumpserit,
469 1094 580 1174 perdat
602 1110 699 1172 opera
722 1099 753 1152 et
773 1090 884 1172 l'rugis,
908 1099 938 1152 et
959 1091 1009 1151 ille
1033 1091 1083 1172 qui
1106 1111 1254 1170 eampum
1277 1112 1372 1154 suum

267 1195 516 1277 conprobauerit,
537 1195 654 1256 babeat
674 1194 789 1272 fruges.

355 1319 426 1383 355.
475 1317 521 1375 De
543 1332 656 1393 campo
680 1320 820 1400 exarato.
875 1312 905 1373 Si
928 1312 996 1392 quis
1020 1313 1197 1374 exarauerit
1219 1332 1372 1393 eampum

268 1418 403 1479 alienum
430 1416 615 1479 seminatum
649 1422 679 1475 et
710 1433 799 1474 suum
831 1433 894 1474 non
923 1414 1059 1493 potuerit
1085 1433 1239 1494 prouare,
1282 1414 1370 1476 aliud

266 1527 386 1580 tantum
407 1518 526 1599 Fruges,
562 1517 646 1596 quod
669 1517 863 1590 deuastauit,
890 1516 1020 1596 proprio
1048 1516 1176 1576 domino
1199 1516 1317 1577 reddat
1339 1522 1371 1578 et

239 1617 252 1634 ‘
266 1640 325 1701 pro
347 1621 503 1680 incautam
524 1617 791 1699 presumptionem
814 1626 971 1696 conponat
993 1617 1111 1679 solidos
1134 1636 1206 1679 sex.-

351 1739 422 1802 356.
465 1737 512 1797 De
539 1745 630 1818 prato
664 1745 769 1799 secato
797 1744 850 1799 aut
878 1745 1017 1797 exarato.
1083 1736 1114 1797 Si
1144 1737 1211 1816 quis
1240 1743 1371 1816 pratum

268 1840 402 1900 alienum
425 1839 580 1919 segauerit
601 1848 654 1901 aut
680 1838 872 1909 exarauerit,
905 1846 935 1898 et
961 1837 1065 1898 fenum
1088 1838 1215 1910 reddat,
1251 1846 1283 1900 et
1309 1857 1371 1918 pro

267 1941 390 2003 inlecita
412 1941 646 2022 presumptione
669 1948 827 2020 conponat
848 1939 966 2001 sobdos
989 1958 1053 2004 sex.

353 2063 424 2127 357.
469 2060 500 2122 Si
526 2061 594 2142 quis
622 2079 766 2140 eampum
796 2058 930 2119 alienum
959 2067 1026 2120 asto
1058 2078 1126 2119 eum
1155 2059 1280 2138 peculio
1310 2082 1371 2124 suo

270 2162 399 2236 delierit,
423 2170 475 2224 aut
497 2162 597 2242 spicas
621 2162 763 2221 manibus
786 2160 934 2233 euellerit,
957 2168 1116 2240 conponat
1138 2160 1257 2222 solidos
1282 2182 1350 2229 sex.

353 2284 425 2347 358.
468 2281 548 2341 Nulli
571 2281 610 2342 sit
631 2279 752 2340 lieentia
773 2279 955 2341 iterantibus
978 2282 1053 2340 erbe
1075 2299 1205 2360 negare,
1233 2290 1370 2363 excepto

269 2390 361 2463 prato
385 2384 500 2443 intacto
522 2389 665 2460 tempore
687 2399 754 2452 suo,
778 2389 831 2442 aut
852 2400 997 2447 messem.
1037 2382 1114 2444 Post
1133 2383 1240 2442 lenum
1263 2392 1373 2446 autem

270 2491 324 2545 aut
344 2483 448 2562 fruges
471 2482 627 2553 eolleotas,
651 2489 769 2542 tantum
783 2482 910 2543 uindieit
924 2483 1009 2544 euius
1031 2490 1115 2545 terra
1137 2492 1193 2557 est,
1216 2493 1373 2564 quantum

271 2605 340 2646 cum
370 2585 513 2646 clausura
535 2603 597 2655 ⁸sua
622 2591 728 2663 potest
753 2584 929 2644 defendere.
980 2583 1059 2644 Nam
1087 2585 1113 2645 si
1142 2585 1280 2648 renallus
1309 2589 1384 2649 iter'

269 2686 452 2749 facientibus
480 2687 519 2746 de
546 2685 650 2765 stupla
678 2693 730 2746 aut
757 2687 796 2745 de
822 2687 891 2765 ipsa
913 2704 1046 2765 pasoua,
1076 2685 1127 2746 ubi
1157 2686 1217 2748 alia
1243 2689 1370 2767 peculia

269 2796 413 2870 pascent,
451 2790 578 2850 mouere
613 2787 853 2868 presumpserit,
888 2787 919 2847 in
947 2787 1081 2867 astogild
1111 2788 1197 2868 ipsbs
1227 2791 1373 2855 cauallbs

271 2898 444 2971 conponat,
476 2910 534 2971 pro
563 2909 601 2950 eo
632 2890 716 2968 quod
746 2889 834 2968 ipsos
863 2889 901 2948 de
929 2908 1006 2949 aruo
1040 2908 1169 2969 eampo,
1204 2892 1292 2970 quod
1322 2899 1373 2955 est

267 2993 452 3068 fons-aemi,
475 3009 603 3053 mouere
623 2989 821 3070 presumpsit.

358 3113 429 3176 359.
479 3110 536 3170 be
559 3108 771 3173 sacramentis.
831 3109 861 3168 Si
894 3111 1128 3190 qualiscumque
1160 3130 1255 3173 eausa
1288 3112 1373 3175 inter

268 3212 413 3274 homines
435 3211 550 3271 liberos
573 3217 604 3272 et
625 3218 853 3272 sacramentum
875 3211 1011 3273 dandum
1032 3212 1133 3284 luerit,
1155 3212 1181 3274 si
1203 3232 1305 3293 usque
1328 3214 1375 3276 ad·

269 3310 384 3390 uigenti
414 3312 532 3373 solidos
561 3311 653 3373 suerit
675 3330 769 3373 causa
790 3312 860 3392 ipsa
882 3321 935 3374 aut
957 3314 1103 3394 amplius,
1134 3315 1174 3374 ad
1204 3315 1372 3395 euangelia

271 3420 378 3475 saneta
399 3412 471 3474 iurit
492 3409 561 3473 oum
585 3414 748 3474 duodecim
771 3414 859 3476 aidos
882 3434 966 3488 suos,
989 3416 1020 3475 id
1043 3423 1091 3477 est
1111 3417 1369 3493 sacramentales,

269 3514 312 3575 ita
333 3522 367 3575 ut
388 3534 444 3576 sex
464 3514 506 3575 illi
528 3515 726 3577 nominentur
747 3518 786 3576 ab
810 3516 872 3589 illo,
895 3517 947 3596 qui
968 3516 1079 3596 pulsat,
1103 3523 1134 3578 et
1155 3518 1308 3597 septimus
1329 3520 1371 3583 sit

268 3615 319 3677 ille
343 3615 395 3696 qui
416 3615 571 3695 pulsatur,
595 3625 626 3678 et
647 3618 782 3698 quinque
805 3618 913 3696 quales
934 3618 1067 3679 uoluerit
1087 3618 1220 3695 liberos,
1250 3627 1284 3681 ut
1305 3610 1404 3686 sint-¹

270 3717 443 3783 duodicem.
501 3716 593 3789 Quod
622 3719 648 3780 si
676 3719 777 3780 minor
808 3718 900 3780 fuerit
926 3739 1021 3782 eausa
1047 3720 1087 3780 de
1114 3720 1227 3802 uigenti
1258 3721 1370 3787 solidis

269 3819 433 3898 usquead
456 3819 634 3891 duodicem,
657 3820 715 3881 sibi
736 3827 841 3882 sextus
863 3820 936 3882 iurit
957 3822 997 3882 ad
1020 3840 1108 3883 arma
1130 3828 1272 3898 saerata;
1303 3831 1372 3891 tres
1407 3818 1410 3825 ’

270 3919 298 3979 ei
320 3918 451 3980 nominit
473 3919 525 3998 qui
551 3920 667 3999 pulsat,
698 3929 728 3981 et
751 3922 829 3983 duos
851 3921 968 3984 liberos
995 3923 1051 3984 sibi
1083 3923 1183 4003 elegat
1210 3922 1263 4003 qui
1292 3924 1376 4004 pul-.

269 4027 365 4093 satur,
387 4019 494 4100 quales
516 4021 663 4096 uoluerit3
687 4030 717 4083 et
738 4032 843 4085 sextus
866 4024 905 4085 sit
926 4024 1004 4104 ipse.
1046 4024 1086 4086 Et
1107 4024 1133 4086 si
1154 4024 1257 4085 minor
1275 4026 1374 4091 luerit

269 4139 363 4183 eausa
386 4121 424 4182 de
446 4122 610 4184 duodicem
632 4124 750 4197 solidis,
774 4124 832 4187 sibi
854 4124 959 4186 tertius
980 4125 1054 4187 iurit
1076 4127 1116 4187 ad
1138 4145 1240 4187 arma:
1270 4148 1372 4193 unum
1395 4164 1398 4169 ·

267 4222 296 4284 ei
317 4222 448 4285 nominit
469 4233 499 4285 et
521 4225 615 4286 alium
638 4225 695 4287 sibi
718 4234 836 4304 querat,
860 4232 890 4287 et
911 4227 1019 4289 tertius
1042 4229 1082 4290 sit
1101 4228 1179 4307 ipse.
