2826 5070
506 395 745 457 LlVTPRANDl
766 395 902 461 LEGES.

150 588 218 651 400
242 584 296 669 [3].
320 583 351 643 Si
375 581 442 662 quis
464 581 676 661 langubardus
699 599 825 641 sorores
848 579 1015 659 reliquerit.

154 706 214 770 401
242 701 295 787 [Il.
319 700 349 762 Si
371 701 583 781 langobardus
613 719 739 762 sorores
770 709 800 761 et
822 699 903 761 lilios
931 699 961 759 in
991 698 1103 780 capillo
1124 700 1154 760 in
1178 718 1251 762 casa

238 801 407 882 reliquerit.

150 909 216 972 402
240 904 292 990 [5].
316 904 348 964 Si
369 903 453 964 filiae
482 911 535 964 aut
565 903 683 964 sororis
714 911 823 990 contra
852 903 1045 966 nolontatcm
1074 904 1169 985 patris
1198 912 1251 966 aut

239 1005 344 1068 fratris
368 1005 475 1085 egerit.

157 1111 220 1177 403
244 1106 296 1192 [tl.
320 1106 351 1166 Si
374 1108 442 1186 quis
465 1106 678 1186 langobardus
702 1114 734 1166 nl
756 1105 844 1166 habit
872 1125 961 1168 casus
988 1107 1124 1168 humane
1151 1107 1251 1188 fragi-

238 1208 343 1272 litatio.

523 1308 582 1376 [oe
601 1306 702 1362 nnnc
724 1306 885 1376 ovinae]

154 1433 218 1497 404
241 1430 293 1515 [7]
318 1429 349 1489 Si
372 1428 440 1508 quis
463 1428 675 1507 langobardus
699 1426 880 1506 morgincap
903 1429 978 1488 dare
1001 1429 1143 1493 uoluerit.

152 1537 218 1599 405
242 1531 296 1617 [8]
318 1531 350 1590 Si
373 1529 608 1609 qualiscumque
631 1547 726 1590 causa
741 1528 820 1588 inter
835 1529 1022 1591 conlibertis
1040 1539 1093 1591 ant
1115 1531 1252 1612 parentis

241 1632 431 1697 conuenerit.

155 1736 220 1801 ’400
243 1733 295 1819 [tl]-
319 1734 349 1795 Si
366 1733 434 1813 quis
458 1752 585 1794 sernum
608 1741 660 1793 aut
676 1732 821 1794 ancillam
836 1733 866 1792 in
884 1752 1010 1793 rnanorn
1024 1734 1106 1814 regis
1123 1735 1251 1795 dederit.

157 1840 219 1904 407
242 1835 316 1921 [Iol.
339 1836 369 1897 Si
391 1835 459 1915 quis
482 1854 608 1896 sernum
633 1855 723 1896 suurn
749 1843 801 1895 aut
828 1835 971 1895 ancillam
996 1835 1128 1896 liberum
1158 1837 1250 1897 dimi«

240 1936 325 2003 serit.

157 2038 316 2124 408[11].
340 2038 371 2099 Si
394 2058 503 2099 seruus
527 2038 599 2097 dum
622 2037 653 2097 in
675 2037 748 2118 loga
772 2046 818 2099 ost
840 2037 956 2098 furtum
979 2036 1095 2101 lecerit.

154 2144 218 2209 409
242 2140 316 2226 [Izi.
341 2139 372 2200 Si
395 2140 462 2220 quis
487 2139 590 2221 puella
613 2149 684 2201 ante
704 2139 764 2198 Xll
785 2158 885 2200 annos
908 2147 961 2200 aut
981 2137 1178 2218 sponsauerit
1201 2148 1254 2201 aut

239 2242 355 2306 tolerit.

157 2348 220 2411 410
243 2344 317 2429 [13].
345 2343 376 2404 Si
405 2343 472 2423 quis
501 2344 711 2424 langobardos
742 2345 781 2404 ab
818 2341 879 2403 alio
907 2342 1033 2403 homine
1064 2342 1146 2421 qnod
1177 2343 1253 2404 deus

244 2453 366 2507 auertat
388 2429 591 2526 interemptue
614 2445 715 2506 luerit.

157 2550 216 2613 411
244 2545 317 2632 [14],
340 2547 386 2606 De
401 2548 562 2609 sororibus
576 2548 709 2626 qualiter
721 2567 781 2608 una
794 2547 920 2608 alterius
933 2547 1099 2608 succedere
1110 2546 1253 2611 debeant.

160 2651 232 2714 412.
255 2650 285 2710 Si
309 2657 412 2710 autern
436 2649 670 2728 qualiscumque
692 2667 785 2709 cause
808 2649 924 2709 amodo
948 2657 1149 2712 emerseront.

158 2873 244 2942 lenum
263 2876 328 2927 enni
343 2874 437 2940 prinn',
465 2872 559 2939 quinti,
581 2872 682 2938 octeni,
702 2872 766 2923 noni
785 2875 811 2923 et
829 2871 972 2938 undecimi,
993 2871 1159 2938 sequentibus
1178 2873 1256 2922 ennio

159 2963 218 3018 XII.
245 2964 315 3018 XIII.
343 2961 398 3016 XV.
425 2960 494 3014 XVI.
524 2967 549 3013 et
569 2960 629 3013 XIX
656 2962 741 3014 nullos
760 2962 844 3014 inden
870 2962 1052 3028 praescriptos
1071 2964 1120 3024 sit,
1149 2963 1256 3013 uttinice

157 3060 247 3109 entem
273 3056 357 3123 quer,
385 3066 514 3105 onnorinn
539 3053 641 3104 scilicet
664 3051 732 3105 XXI.
758 3052 835 3105 XXII
851 3056 876 3105 et
895 3049 994 3120 XXIII,
1021 3065 1115 3104 rorans
1129 3055 1259 3105 commoni

159 3146 247 3199 indice
263 3146 396 3214 precinite
416 3147 571 3196 coninnclce
590 3145 769 3197 invenientur.
807 3143 874 3197 Hnic
889 3145 1013 3212 proxime
1032 3143 1135 3196 accedit
1151 3142 1256 3211 Epore-

162 3238 259 3290 dionns
279 3236 374 3304 codex,
395 3237 440 3304 qni
453 3238 597 3300 temporem
610 3237 739 3288 rationem
759 3237 796 3288 ita
814 3235 913 3302 Induit,
929 3239 958 3287 nt
969 3239 1022 3289 tam
1040 3237 1068 3287 in
1082 3237 1258 3302 praecedente

158 3329 400 3397 qeneraIioinniwn
421 3328 503 3394 qunni
517 3328 673 3380 recensione
692 3341 768 3395 qnam
786 3329 814 3380 in
832 3331 890 3395 ipso
910 3325 1086 3380 coniectent
1105 3341 1259 3396 nnoqnoqne

161 3433 250 3472 annno
274 3432 346 3472 none
371 3431 542 3470 nnnrernrnrn
567 3420 650 3470 series
674 3419 810 3482 ordietni·;
836 3433 910 3487 quem
935 3418 1053 3470 ordinem
1084 3416 1258 3470 Vercellenaia

159 3513 240 3563 etiem
264 3511 461 3577 supplementa,
496 3509 603 3561 soeculo
630 3508 730 3561 decimo
753 3511 870 3577 scripta,
899 3513 926 3561 in
954 3513 1079 3562 conlecto
1107 3511 1258 3576 cernerent,

160 3599 251 3654 Ceteri
284 3600 390 3653 codices
426 3603 551 3652 continno
586 3613 754 3652 numeroram
788 3602 858 3653 serie
886 3613 976 3653 ornnes
1004 3599 1163 3666 Lintprandi
1189 3599 1259 3665 quer

160 3696 315 3745 recensent:
344 3689 517 3745 Vercetlensio
537 3693 586 3759 ito,
614 3694 643 3742 nt
666 3693 809 3743 anterioris
834 3692 914 3744 edicti
937 3704 1060 3744 numeros
1086 3692 1258 3755 continuaret,

160 3783 211 3835 alii
226 3785 273 3849 ita,
293 3786 322 3834 nt
340 3795 410 3834 nona
429 3783 499 3834 serie
522 3778 581 3848 152,
605 3778 664 3848 153,
684 3783 731 3835 net
749 3777 801 3831 154
820 3781 934 3850 capitulo
947 3779 1139 3847 Lintprnndina
1152 3793 1261 3831 enunie-

162 3877 265 3926 rorent.
291 3871 426 3925 Annorum
446 3874 543 3925 mentio
562 3873 667 3925 omnino
688 3872 856 3925 derideretur
873 3873 901 3924 in
917 3870 1080 3936 Vercetlcnoi,
1101 3867 1261 3939 Gnelserly-

161 3968 226 4017 tono
252 3967 278 4017 et
305 3961 423 4016 GoIIono
444 3950 545 4015 indice.
577 3991 614 3999 -
644 3961 726 4015 Nobis
748 3967 841 4016 'antem
866 3978 935 4015 nnnc
966 3957 1090 4028 sufficere
1121 3961 1261 4015 uidebatur

169 4053 361 4109 Iereeilenaem
389 4054 519 4122 indicem,
555 4057 618 4120 poet
643 4054 802 4121 liutprandi
835 4068 931 4106 annun
969 4055 1122 4120 nicosinum
1157 4057 1260 4106 Iertinrn

163 4146 206 4213 (p.
227 4143 289 4198 Cir.
308 4143 378 4208 735)
399 4142 546 4212 consectum
570 4148 698 4213 inteqrnm
718 4144 856 4212 ecln'tere,
883 4144 987 4197 adiecto
1007 4148 1095 4197 tomen
1113 4158 1148 4196 ec
1168 4147 1262 4198 ceteris

165 4236 299 4290 codicione
317 4238 424 4305 uulneri
442 4250 610 4290 numerorum
630 4238 700 4289 serie
718 4240 745 4289 et
763 4249 891 4288 annornm
911 4235 1086 4290 dictinctione.
