2826 5070
425 387 590 450 EDICTVS
612 384 798 449 ROTHAlll.

84 581 134 644 72.
158 578 203 638 Do
227 580 338 656 quarto
361 574 467 655 digito.

85 681 135 744 73.
159 679 204 738 De
228 676 335 757 quinto
359 675 465 756 digito.

84 782 135 846 74.
158 780 203 839 De
226 777 370 840 omnibus
392 775 491 857 plagis
515 783 567 836 aut
587 774 704 837 feritas.

72 881 133 966 [75.
158 880 188 942 Si
210 880 313 942 infans
335 879 366 940 in
390 887 477 940 utero
500 876 608 938 matris
631 874 751 937 oocisus
773 873 907 958 fuerit.]¹

84 986 134 1048 75.
158 983 203 1042 De
226 981 309 1042 aldio
332 989 363 1042 et
384 999 476 1042 seruo
498 975 709 1041 ministeriale.

83 1087 134 1149 76.
156 1082 322 1145 Deseritis
344 1083 416 1144 aldii
439 1090 470 1143 et
492 1081 574 1144 serui
597 1078 824 1144 ministeriales.

83 1189 134 1251 77.
156 1185 203 1245 De
224 1185 317 1265 plaga
339 1185 370 1244 in
393 1184 503 1263 capite.

83 1289 133 1353 78.
155 1287 202 1347 De
223 1287 314 1367 placa
334 1286 366 1347 in
389 1285 489 1365 capite
511 1292 544 1345 ut
566 1301 640 1345 ossa
663 1300 816 1361 rumpam.

83 1393 134 1456 79.
156 1390 202 1449 De
224 1389 317 1470 plaga
339 1389 369 1448 in
391 1387 480 1451 faeie.

82 1491 133 1557 80.
155 1491 202 1550 De
225 1489 316 1551 oculo
339 1488 458 1552 euulso.

83 1593 134 1659 81.
156 1593 202 1652 De
224 1610 302 1652 naso
325 1592 466 1653 aboseso.
592 1614 595 1623 ·

82 1695 133 1760 82.
156 1695 203 1753 De
226 1711 301 1755 aure
323 1691 458 1756 absciso.

82 1797 133 1862 83.
156 1796 203 1855 De
224 1795 314 1856 labro
337 1793 471 1857 absciso.

82 1899 132 1964 84.
155 1898 201 1957 De
224 1896 316 1957 dente
338 1912 481 1957 excusso.

81 2000 132 2066 85.
154 2000 200 2059 De
223 1999 315 2058 dente
336 1994 507 2057 maxillare.

81 2102 132 2167 86.
154 2101 200 2160 De
223 2097 351 2160 brachio
374 2103 476 2175 rupto.

81 2203 132 2266 87.
155 2202 201 2262 De
224 2219 317 2261 manu
340 2197 472 2262 abscisa.

82 2304 132 2369 88.
155 2303 202 2363 De
225 2301 336 2382 digitas
359 2317 517 2361 manuum.

81 2407 132 2472 89.
155 2405 202 2465 Do
224 2403 361 2465 secondo
386 2401 492 2481 digito.

81 2509 132 2572 90.
155 2507 201 2566 De
223 2505 319 2566 tercio
343 2503 450 2583 digito.

81 2609 131 2672 91.
154 2606 201 2665 De
224 2612 335 2684 quarto
359 2604 466 2683 digito.

81 2709 133 2774 92.
155 2706 201 2765 De
224 2705 331 2784 quinto
355 2703 460 2782 digito.

81 2810 132 2874 93.
155 2807 202 2866 Ile
224 2825 303 2866 coxa
326 2813 426 2884 rupta.

81 2912 132 2976 94.
154 2909 201 2969 De
223 2908 303 2987 pede
326 2904 461 2968 absciso.

76 3016 132 3078 95.
154 3011 201 3071 De
223 3009 318 3090 digito
341 3006 440 3088 pedis.

81 3115 133 3180 96.
154 3113 200 3172 De
223 3111 359 3173 secundo
382 3108 488 3189 digito.

82 3218 132 3280 97.
155 3214 201 3273 De
223 3212 318 3273 tercio
341 3210 447 3291 digito.

83 3317 133 3383 98.
156 3316 202 3375 De
226 3322 338 3394 quarto
363 3310 469 3392 digito.

82 3420 133 3483 99.
156 3416 203 3476 De
227 3415 333 3496 quinto
356 3413 463 3493 digito.

63 3521 134 3585 100.
156 3518 203 3577 De
225 3515 318 3596 plaga
338 3515 418 3576 insra
441 3531 548 3592 capso.

63 3623 134 3688 101.
155 3619 202 3681 De
224 3615 353 3679 brachio
376 3622 428 3675 aut
450 3632 542 3675 cossa
564 3611 762 3672 transforata.

63 3725 133 3789 102.
156 3722 202 3780 De
225 3718 323 3782 seruis
346 3715 519 3779 rusticanis.

64 3826 133 3890 103.
156 3822 203 3882 De
225 3820 317 3900 plaga
338 3818 369 3879 in
392 3817 481 3882 facie.

64 3926 134 3991 104.
156 3924 203 3983 De
226 3921 316 3984 oculo
340 3919 458 3982 euulso.

64 4154 84 4222 ¹)
105 4152 266 4222 decerpat,
285 4155 313 4205 in
328 4149 452 4204 Vaticano
466 4148 553 4202 indice
566 4149 699 4214 omissum,
719 4147 747 4197 ln
766 4142 933 4212 Eporedlono
953 4142 1079 4208 notatum,
1096 4139 1162 4194 l'er-

63 4245 172 4300 cellenai
191 4245 277 4311 etlam,
292 4244 465 4309 comanteper
480 4243 558 4308 errat,
578 4251 630 4293 aon
641 4233 765 4305 defuisse,
784 4246 908 4288 euenerat
923 4228 976 4285 18³
990 4231 1162 4287 demonstrat.
