2826 5070
448 375 613 440 EDICTVS
635 375 821 437 Rolnam.

90 558 163 624 208.
185 560 231 620 De
253 567 354 640 rapto.

90 663 162 727 209.
185 661 232 722 De
254 661 364 723 ancilla
385 670 486 742 rapta.

91 764 164 828 210.
185 763 233 823 De
254 770 345 844 rapto
369 763 473 844 quiin
496 771 581 825 curte
603 765 683 846 regis
707 765 837 830 duxerit.

91 865 164 929 211.
187 864 221 925 Si
242 865 311 945 quis
334 883 405 926 eum
419 884 550 927 exorem
572 886 662 929 suam
685 865 779 929 alium
801 867 1008 948 fornigantem
1029 866 1192 932 inuenerit.

92 967 165 1032 212.
188 965 219 1027 Si
243 966 310 1046 quis
332 986 465 1027 exorem
487 967 613 1030 alterins
635 968 748 1038 tolerit.

92 1070 165 1134 213.
188 1068 235 1128 De
257 1066 373 1128 crimen
397 1069 548 1131 adulterii.

93 1172 165 1237 214.
190 1170 221 1231 Si
243 1169 312 1250 quis
335 1169 466 1231 liberam
488 1169 624 1250 puellam
648 1174 767 1251 absquo
790 1172 953 1234 eonsilium
976 1173 1107 1238 duxerit.

93 1274 166 1338 215.
188 1272 235 1332 De
257 1278 407 1352 sponsata
429 1280 563 1337 mortua.

94 1376 166 1440 216.
190 1373 221 1434 Si
244 1373 343 1436 aldius
366 1393 496 1434 exorem
518 1373 616 1434 libera
639 1374 751 1440 tolerit.

95 1475 251 1561 [Goliam]
297 1475 327 1536 si
349 1474 456 1536 haldia
477 1494 602 1537 seruum
625 1477 778 1557 acceperit
798 1477 952 1544 maritum.

94 1579 142 1639 De
162 1576 276 1656 nuptiis
298 1575 394 1636 haldii
416 1584 447 1637 et
468 1576 558 1660 311113.

95 1680 142 1740 De
165 1678 248 1740 aldio
272 1677 323 1757 qui
346 1678 488 1740 ancillam
510 1680 633 1742 duxerit
653 1700 793 1746 uxorem.

96 1782 143 1842 De
166 1779 276 1842 ancilla
299 1787 329 1840 et
351 1778 476 1841 alterins
499 1800 600 1847 seruo.

97 1884 143 1943 De
165 1901 258 1946 seruo
282 1889 432 1944 3131313
454 1882 562 1948 libera.

99 1984 182 2070 [222.
204 1985 251 2044 De
273 1982 384 2044 ancilla
406 1982 593 2045 matrimonii
614 1984 754 2069 gratia.]1

97 2087 144 2147 De
166 2105 205 2147 eo
228 2086 281 2166 qui
302 2084 369 2146 sine
389 2083 507 2145 herede
529 2085 668 2151 moritur.

97 2188 144 2248 De
165 2186 303 2248 iuleireei
326 2186 365 2246 de
387 2187 542 2252 stamund.

98 2289 145 2349 De
166 2287 237 2350 filiis
259 2286 401 2368 legitimis
423 2287 571 2349 fulcireei.

100 2391 218 2453 Omnes
240 2388 342 2450 liberti
364 2388 630 2469 longobardorum
653 2391 772 2472 legibus
793 2391 910 2457 uiuant.

98 2493 146 2552 De
168 2501 252 2553 13113
274 2490 313 2551 ad
337 2489 545 2571 edificandum
568 2501 748 2572 conparata.

99 2593 146 2653 De
170 2591 367 2671 quinquennii
389 2593 602 2670 possessione.

99 2694 147 2754 De
169 2691 311 2773 actigyid.

100 2796 147 2856 De
169 2792 323 2873 mancipio
346 2792 472 2856 lebroso
496 2793 546 2854 uel
568 2794 763 2856 demoniaco.
798 2845 801 2852 .

100 2898 148 2957 De
170 2894 281 2956 ancilla
303 2903 418 2973 empta.

101 2999 148 3059 De
170 2996 291 3058 caballo
314 3003 428 3076 empto.

101 3099 148 3159 De
168 3117 232 3158 non
254 3096 347 3157 licere
369 3098 408 3157 de
430 3116 523 3160 seruo
547 3096 661 3178 aliquid
685 3117 869 3179 conparare.

102 3201 209 3260 Licere
232 3198 386 3261 massario
408 3198 562 3279 peculium
584 3198 747 3261 insociare.

102 3303 149 3362 De
171 3299 358 3363 uindiotione
380 3299 452 3361 aldii
474 3299 586 3367 illicita.

102 3404 149 3464 De
172 3402 279 3465 euulso
301 3402 445 3466 termino.

104 3505 135 3568 Si
158 3523 267 3567 seruus
289 3502 352 3564 hoc
372 3502 489 3568 1333111.

103 3608 150 3667 De
172 3605 322 3668 teclatnra
344 3604 394 3665 uel
415 3605 535 3670 snaida.

106 3709 138 3770 Si
160 3726 269 3770 seruus
291 3706 322 3766 id
344 3705 460 3771 1333111.

104 3812 150 3871 De
173 3814 299 3871 moneta
321 3807 411 3873 13133.

103 3914 151 3973 De
173 3911 324 3992 scriptura
345 3910 435 3974 13133.

105 4016 153 4076 De
174 4032 284 4096 gressu
305 4031 398 4092 super
420 4030 543 4072 murum
564 4012 603 4072 de
626 4019 742 4079 castro.

106 4227 127 4299 ¹)
148 4228 228 4300 llaec,
248 4232 276 4283 13
295 4225 414 4285 (lolliano
433 4212 595 4307 3111313,’33
614 4227 783 4297 Eporediam
802 4229 892 4284 codice
910 4231 1082 4286 inseruimus,
