2828 5048
153 585 215 647 200
439 578 564 639 LEGES
585 576 954 641 tats'tjotsanbottt'tt.

154 764 268 825 iactam
292 782 309 824 a
333 770 421 843 parte
442 770 559 834 nostra,
588 770 708 821 etcum
732 761 815 821 omni
838 778 933 821 causa
956 778 1023 831 sua,
1053 777 1150 838 quam
1169 774 1234 819 nune
1290 786 1301 806 r

155 864 306 927 babentes
329 863 485 924 noluerint
505 881 609 925 secum
632 870 767 941 portare.

171 970 176 979 ’
240 986 291 1049 23.
334 983 372 1044 Et
394 960 507 1043 omnes·
525 980 758 1061 apprehensos,
790 981 949 1059 quomodo
974 980 1130 1041 noluerint
1150 978 1235 1040 redire

158 1088 197 1147 ad
223 1106 287 1158 uos,
311 1084 498 1146 dimittemus
521 1083 622 1143 redire
645 1084 764 1161 absque
781 1080 866 1141 omni
888 1081 1007 1144 lesione
1030 1085 1236 1145 membrorum.

242 1205 293 1267 24.
337 1203 374 1262 Et
396 1203 510 1263 amodo
533 1201 649 1263 nullum
672 1220 872 1263 sarracenum
893 1200 924 1260 in
947 1220 1051 1261 meum
1075 1201 1127 1262 uel
1147 1197 1238 1281 pepuli
1283 1188 1287 1193 ¹

1300 1219 1302 1226 t

159 1324 196 1367 ac
218 1313 320 1365 terrae
343 1322 430 1363 uncae
453 1303 715 1389 adiutorium'seu
738 1302 904 1364 amicitiam
925 1302 1044 1363 babere
1066 1302 1241 1383 quaerimus,
1302 1301 1303 1304 ’

160 1417 223 1468 tam
246 1406 285 1466 de
306 1404 369 1475 bis,
399 1404 450 1485 qui
477 1405 507 1465 in
535 1405 620 1466 omni
645 1404 805 1485 prouincia
827 1404 1038 1465 beneuentani
1063 1404 1271 1484 principatus·

161 1516 240 1579 sunt,
264 1526 357 1587 quam
373 1516 402 1568 et
419 1507 457 1566 de
479 1505 548 1576 illis,
571 1507 624 1586 qui
646 1516 732 1567 extra
755 1525 880 1566 omnem
903 1508 1153 1568 beneuentanam
1174 1524 1246 1586 pre-
1302 1536 1308 1581 t

160 1610 293 1673 uinciam
320 1618 406 1681 struit3
434 1617 464 1668 et
490 1628 649 1688 nunquam
678 1626 733 1668 ees
760 1616 867 1668 contra
895 1627 952 1668 uos
980 1607 1105 1669 irritans
1133 1607 1249 1669 irritare
1285 1650 1288 1659 ·

160 1711 287 1782 faciam,
318 1718 347 1770 et
377 1708 492 1770 trullum
516 1709 559 1770 eis
590 1709 776 1770 adiutorium
802 1709 980 1789 impendam
1003 1709 1053 1769 uel
1074 1710 1253 1789 impendere

1303 1498 1308 1531 l

161 1813 291 1884 iaciam3
314 1819 345 1871 et
366 1811 522 1870 adiuuabo
537 1830 594 1872 uos
611 1813 729 1891 absque
745 1810 829 1870 omni
851 1810 963 1873 iniusta
987 1810 1136 1872 dilatione
1158 1828 1254 1892 usque
1304 1800 1308 1805 ¹

163 1914 202 1974 ad
234 1931 388 1974 summam
418 1911 575 1983 uirtutem,
612 1911 690 1972 sieut
717 1912 825 1973 melius
855 1918 1004 1991 potuere,
1038 1930 1108 1972 curn
1138 1911 1279 1992 populo,

163 2033 253 2075 meae
278 2013 390 2093 partis,
419 2020 452 2073 ut
472 2012 588 2092 pariter
610 2012 801 2091 expellamus
825 2013 863 2072 de
884 2014 944 2075 ista
966 2013 1127 2092 prouincia
1150 2021 1260 2075 nostra

163 2135 272 2178 omues
299 2132 484 2177 sarracenos
514 2115 808 2195 quomodocumque
837 2113 1044 2194 potuerimus;
1074 2123 1106 2175 et
1131 2115 1263 2188 amodo,

164 2227 197 2280 ut
218 2218 332 2279 dictum
355 2226 412 2285 cst,
433 2215 551 2277 nullum
573 2235 773 2278 sarracenum
793 2216 941 2296 recipiam
956 2217 1006 2276 uel
1027 2216 1169 2295 recipere
1184 2234 1262 2296 per-

164 2320 294 2392 mittam,
316 2327 443 2398 praeter
463 2318 533 2379 illos
549 2318 601 2397 qui
623 2317 815 2397 temporibus
838 2318 944 2378 domni
965 2317 1079 2380 siconis
1096 2325 1126 2378 et
1147 2317 1266 2380 sicardi

163 2421 287 2483 luerunt
308 2419 473 2491 christiani,
496 2419 522 2481 si
545 2419 725 2499 magarizati
745 2439 807 2479 non
830 2428 910 2481 sunt.
953 2420 992 2481 Et
1012 2419 1267 2499 praesentaliter,

166 2532 332 2602 antequam
355 2522 487 2581 domnus
509 2519 670 2582 ludouicus
692 2539 748 2580 rex
771 2540 840 2581 curn
863 2541 920 2583 suo
949 2521 1083 2581 exercitu
1106 2530 1203 2582 exeat
1225 2522 1268 2582 de

165 2624 224 2686 ista
246 2631 340 2692 terra,
362 2622 403 2681 do
425 2621 456 2681 in
478 2631 615 2682 uestram
638 2629 825 2701 potestatem
848 2622 1055 2701 gastaldatum
1079 2622 1269 2684 montellam

167 2743 236 2785 eum
259 2722 401 2784 omnibus
424 2721 557 2783 castellis
581 2722 645 2785 cius
665 2732 695 2785 et
716 2723 851 2783 medium
874 2723 1080 2803 gastaldatum
1104 2723 1272 2786 acerenti-

166 2838 250 2901 num,
276 2826 354 2888 sieut
375 2843 469 2904 supra
492 2824 684 2898 dictumest,
707 2825 733 2887 si
755 2825 818 2885 ullo
841 2825 1030 2886 ualuerimus
1052 2823 1191 2904 ingenio.

251 2959 302 3020 25.
344 2954 389 3015 lta
412 2962 442 3014 et
464 2954 579 3014 amodo
595 2961 626 3014 et
646 2954 761 3014 nullam
783 2954 955 3016 laesionem
976 2954 1127 3015 iaciamus
1152 2973 1214 3035 ego
1238 2962 1270 3017 et

167 3055 301 3138 populus
338 3076 425 3118 meus
458 3056 497 3116 ad
532 3055 635 3134 ipsum
670 3054 818 3135 populum
853 3064 883 3117 et
918 3064 1035 3117 terram
1072 3074 1273 3137 omnemque

166 3160 345 3220 facultatem
367 3176 484 3228 eorum,
511 3164 660 3235 quantum
683 3156 793 3217 exinde
807 3142 908 3218 ¹debet
929 3158 1037 3218 uenire
1059 3158 1099 3218 ad
1121 3167 1269 3220 uestram

166 3260 342 3341 portionem
364 3278 421 3339 per
442 3276 543 3318 meam
566 3258 766 3323 uoluntatem.
799 3258 838 3318 Et
858 3259 973 3319 amodo
990 3259 1029 3318 de
1051 3259 1268 3338 gastaldatum

167 3360 316 3422 montella
331 3368 362 3421 et
377 3359 479 3419 medio
495 3359 671 3438 gastaldato
687 3359 874 3432 acerentino‚
898 3366 964 3439 qua*
975 3369 1063 3440 parte
1081 3362 1267 3426 coniunctus
1293 3350 1297 3357 ¹

168 3471 216 3524 est
238 3480 307 3522 cum
329 3460 476 3522 latiniano
499 3468 529 3521 et
551 3460 720 3532 consciam,
749 3481 920 3540 numquam
946 3461 1106 3524 hominem
1134 3464 1270 3544 recipio,

167 3581 269 3644 neque
295 3562 367 3622 illuc
388 3557 454 3641 ego'
474 3560 632 3621 hominem
655 3582 713 3642 pro
734 3570 787 3623 tuo
816 3564 930 3624 damno
958 3563 1104 3643 dirigam,
1135 3573 1271 3644 praeter

168 3685 238 3727 eum
259 3672 364 3727 uestra
385 3663 544 3724 uoluntate
565 3683 623 3743 pro
645 3674 751 3726 uestra
773 3663 964 3737 saluatione,
991 3673 1024 3726 ut
1050 3665 1110 3744 ipsi
1131 3667 1270 3729 redeant

168 3769 209 3829 ad
230 3766 326 3830 iidem
341 3773 372 3828 et
392 3772 578 3845 potestatem
600 3774 745 3838 uestram,
769 3765 840 3827 etsi
856 3766 1085 3828 exindehabeo
1106 3765 1270 3843 homines,

166 3870 266 3931 reddo
289 3889 354 3932 eos.

251 4010 302 4074 26.
346 4006 433 4068 Haec
454 4006 558 4067 omnia
580 4007 670 4069 uobis
693 4007 802 4086 quibus
826 4025 934 4086 supra,
964 4005 1108 4086 siginolie
1131 4007 1270 4089 principi

168 4109 249 4171 etei
272 4109 402 4190 quiper
428 4116 514 4169 tuam
541 4107 733 4171 uoluntatem
755 4108 785 4169 in
813 4109 937 4170 salerno
967 4107 1091 4170 ciuitate
1116 4107 1268 4190 princeps

167 4209 261 4271 fuerit
282 4210 412 4281 electus,
446 4216 477 4270 et
505 4212 675 4272 obseruare
701 4209 814 4272 faciam
836 4226 893 4290 ego
920 4209 1094 4290 radelgisus
1116 4208 1267 4292 princeps

169 4312 288 4390 absque
311 4311 396 4370 omui
417 4311 527 4372 fraude
549 4310 600 4372 uel
621 4311 703 4372 malo
725 4312 848 4393 ingenio
871 4313 922 4372 uel
943 4330 1142 4392 quocumque
1164 4330 1268 4394 argu-

169 4419 273 4472 mente
297 4403 469 4474 occasionis
491 4430 546 4473 seu
569 4412 776 4492 disruptionis
