2826 5070
205 357 226 420 8
450 393 453 401 -
566 349 733 412 EDICTVS
754 348 942 413 ROTHARI.

211 541 279 605 176.
304 536 334 597 81
364 535 431 615 quis
465 534 543 594 liber
575 533 673 595 homo
708 536 764 595 sub
798 534 884 614 regni
914 533 1015 595 nostri
1047 554 1117 596 cum
1148 535 1217 597 fara
1250 544 1308 599 sna

314 638 457 718 migrare.

211 741 281 808 177.
303 740 350 799 Dc
373 735 571 819 sponsalibus
595 744 625 798 ct
645 737 769 817 nuptiis.

214 843 284 909 178.
308 841 338 902 81
361 838 472 900 dixerit
494 857 628 918 sponsus
652 839 690 897 de
713 857 830 917 sponsa
853 857 909 899 sua
933 841 1017 918 quod
1041 834 1134 904 adult.

212 946 284 1010 179.
308 941 338 1003 81
370 939 505 1021 peccatis
541 938 759 1001 inminentibus
795 960 949 1025 posquam
986 943 1088 1022 puella
1123 962 1163 1004 au
1202 942 1314 1004 mulier

319 1050 469 1124 sponsata
491 1040 582 1102 fuerit
603 1039 729 1120 leprosa
752 1049 804 1102 aut
826 1040 874 1107 de.
1319 1039 1322 1044 ’

216 1147 287 1213 180.
309 1145 356 1205 De
378 1142 506 1223 nupciiS.

216 1249 288 1314 181.
310 1246 356 1306 De
377 1244 495 1325 nupciis
519 1250 549 1304 ct
570 1244 696 1307 mundo.

217 1347 373 1434 [Vercelll
400 1349 483 1412 183.1
506 1345 553 1406 De
574 1345 740 1407 traditione
765 1346 867 1426 puelle
889 1355 942 1409 aut
963 1348 1110 1417 mulieris.

164 1506 166 1512 ,
218 1452 288 1518 181.
310 1449 357 1509 De
380 1447 490 1509 exerrio
513 1446 652 1527 nuptiali.

218 1554 289 1619 185.
311 1552 357 1610 De
379 1549 511 1610 incertas
535 1556 566 1609 et
586 1547 724 1610 inlecitas
746 1549 879 1628 nuptias.

218 1655 289 1721 186.
313 1651 343 1713 81
366 1651 412 1712 uir
434 1649 554 1710 mulieri
575 1648 739 1712 uiolentias
760 1651 876 1717 feccrit.

218 1757 290 1822 187.
312 1754 359 1814 ne
382 1751 528 1813 uiolentia
551 1751 685 1813 mulieris
707 1751 814 1813 libere.

180 1912 182 1917 .
220 1857 291 1923 188.
314 1853 345 1919 81
367 1853 470 1934 puella
492 1853 590 1914 libera
613 1862 666 1915 aut
691 1854 793 1914 uedua
816 1854 882 1916 sine
909 1854 1069 1917 uoluntate
1090 1865 1253 1935 parentum
1276 1860 1317 1920 ad

325 1955 436 2016 marito
460 1954 674 2020 ambolauerit.

222 2060 293 2125 189.
314 2058 361 2130 De
383 2055 598 2136 fornigationis
621 2075 757 2121 eausam.

222 2164 293 2228 190.
314 2160 361 2220 De
384 2165 534 2238 sponsata
558 2157 694 2223 alterius.

224 2264 296 2329 191.
318 2262 364 2320 De
386 2266 477 2339 rapto
501 2267 650 2338 sponsata
673 2259 809 2325 alterius.
1037 2338 1039 2342 ,

224 2365 295 2428 192.
319 2360 349 2422 81
371 2368 461 2439 pater
490 2368 542 2421 aut
570 2360 668 2421 frater
695 2368 748 2421 ant
775 2360 885 2440 aliquis
909 2379 947 2422 ex
973 2364 1154 2441 parentibus
1181 2365 1318 2444 puellam

329 2462 380 2523 alii
402 2460 608 2542 sponsaucrit.

225 2567 295 2632 193.
319 2565 349 2625 Si
357 2563 460 2643 puella
472 2563 570 2623 libera
582 2580 706 2623 seruum
716 2562 848 2624 alienum
856 2563 932 2626 foris
941 2565 1211 2644 prouinciasccuta
1219 2567 1322 2630 fuerit.

225 2667 298 2733 191.
321 2664 353 2727 81
376 2664 444 2744 quis
468 2683 537 2724 cum
560 2662 671 2724 ancilla
694 2663 806 2744 gentile
827 2664 1000 2746 iornigatos
1020 2668 1121 2734 fucrit.

226 2770 296 2835 195.
318 2767 365 2827 De
387 2765 502 2827 crimen
523 2765 554 2825 in
576 2765 679 2844 puella
699 2765 820 2832 iniecto.
905 2762 909 2768 ’

227 2871 297 2937 196.
318 2869 365 2929 De
388 2868 503 2929 crimen
526 2867 677 2933 adulterii.

227 2973 298 3037 197.
318 2971 365 3052 De
387 2970 502 3032 crimen
524 2969 660 3033 nefandi.

181 3154 182 3157 Ἴ
229 3075 298 3140 198.
320 3073 367 3133 De
390 3070 505 3132 crimen
527 3070 558 3130 in
579 3070 692 3150 puella.

130 3222 133 3227 .
229 3177 299 3241 199,
323 3173 354 3233 81
376 3173 477 3233 uedna
499 3171 531 3231 in
554 3172 649 3232 domo
671 3173 768 3251 patris
790 3191 934 3253 regressa
955 3173 1055 3240 fuerit.

227 3277 300 3341 200.
322 3274 369 3334 De
391 3273 546 3335 occisione
568 3272 714 3338 mulieris

227 3377 301 3454 201.
322 3374 369 3434 De
392 3374 520 3435 muliere
541 3374 638 3436 libera
660 3375 774 3437 occisa.

228 3479 301 3542 202.
324 3474 361 3537 Si.
378 3475 488 3536 mulier
509 3477 540 3536 in
563 3485 663 3538 morte
685 3476 787 3538 mariti
809 3478 856 3539 sui
878 3478 1096 3546 consiliauerit.

228 3580 301 3645 203.
324 3577 356 3639 81
379 3577 488 3637 mulier
511 3578 654 3639 maritum
677 3600 766 3641 suum
790 3580 941 3646 occiserit.

229 3682 302 3746 201.
323 3679 403 3740 Nulli
424 3679 545 3749 mulieri
566 3680 657 3741 liceat
678 3681 708 3742 in
732 3702 788 3744 sua
808 3688 963 3762 potestate
985 3701 1065 3747 esse.

229 3784 301 3848 205.
323 3782 370 3843 De
392 3782 475 3844 aldia
496 3781 686 3847 uiolentiata.

229 3885 301 3948 200.
322 3884 369 3944 De
391 3884 489 3944 libera
511 3883 699 3949 uiolentiata.

229 3987 301 4050 207.
324 3985 370 4046 De
392 3985 510 4046 ancella
532 3985 722 4051 uiolentiata.

229 4195 250 4270 ¹)
276 4198 337 4253 Vide
356 4213 437 4267 stupro
456 4201 493 4254 od
510 4216 568 4269 cop.
588 4198 631 4254 75.
