2826 5070
308 401 474 466 narrurs
496 401 630 476 uacus,
652 423 682 483 p.
706 402 776 470 cnr.
800 422 828 470 a.
851 406 922 470 ric.
1100 407 1156 474 rol

70 588 222 661 iudicare,
256 597 286 650 et
315 587 415 668 legem
447 607 509 648 non
537 587 731 660 indicauerit,
771 588 873 674 (iuldix
900 609 970 650 eum
998 589 1160 670 distringat

69 688 154 749 idem
176 688 337 751 arimanno
352 688 473 751 iusticia
487 689 645 751 faciendo:
668 691 707 753 sit
721 698 825 752 tamen
840 711 903 751 non
919 692 1028 753 doloso
1045 691 1157 766 animo,

71 800 102 854 et
128 791 196 871 ipse
225 792 381 873 gasindius
409 799 492 853 stare
521 792 655 853 debeant
675 792 706 853 in
728 792 880 854 iudicium.
895 792 1024 873 ipsiuuis
1045 789 1156 866 iudicii,

70 893 189 974 etipse
211 895 296 955 iudix
324 894 442 955 amittat
470 891 639 956 iudicatum
666 914 765 960 suum.
818 894 853 955 si·
879 894 959 984 enim
975 903 1100 975 postea
1128 896 1157 956 ei

71 996 221 1075 apparuit,
245 996 329 1077 quod
350 994 468 1075 legibus
490 1014 553 1055 non
574 995 750 1068 iudicasset.
773 997 877 1059 ueniat
890 992 968 1094 ‘pum
988 998 1057 1078 ipso
1071 997 1156 1058 iudi-

71 1107 139 1160 cato
161 1099 193 1158 in
214 1097 376 1179 presencia
397 1104 515 1161 nostra.
888 1091 890 1094 ⁴

367 1198 499 1279 Explicit
520 1198 559 1258 de
581 1198 698 1259 domno
720 1197 855 1266 Ratchis.

108 1389 304 1473 INCIPIT
335 1391 508 1472 nudus
542 1390 680 1492 uvis
713 1389 978 1488 nursrvnr
1006 1391 1116 1474 nur

414 1555 417 1562 ·
458 1523 759 1608 nowucxrr.

91 1713 118 1774 l.
150 1709 197 1768 De
223 1708 489 1770 donationes·illa
516 1727 576 1788 que
601 1707 684 1769 facta
711 1714 782 1770 sunt
808 1727 826 1772 a
857 1707 960 1771 rachis
992 1729 1097 1791 regem
1124 1719 1155 1773 et
1271 1713 1275 1720 ’

152 1812 231 1872 tasia
252 1811 391 1892 coniuge.
639 1892 643 1897 ·

89 1912 743 1992 2MffimMmmmmm

86 2017 116 2080 3.
148 2015 194 2075 De
215 2015 405 2096 negationes.

86 2119 116 2182 l.
148 2118 226 2180 Item
249 2118 288 2177 de
310 2117 501 2197 negationes.

87 2224 115 2285 5.
148 2220 194 2279 De
216 2218 337 2281 clausas
361 2218 526 2299 disruptas.

86 2325 115 2385 6.
147 2322 194 2382 De
215 2320 394 2401 negationes
417 2329 447 2382 et
468 2329 591 2383 terreno
614 2319 748 2400 negotio.

86 2427 115 2488 7.
147 2424 193 2483 De
214 2423 330 2485 iudices
354 2407 407 2503 q'ui
427 2422 570 2485 homines
594 2423 632 2483 de
655 2423 788 2484 exercitu
812 2420 974 2486 dimittunt.

84 2527 115 2589 Β.
146 2525 192 2585 De
213 2525 315 2587 illicita
336 2524 576 2590 coniunctiones.

84 2630 113 2692 9.
146 2627 193 2687 De
214 2627 384 2691 turonibus.

64 2732 112 2793 10.
147 2728 177 2788 Si
201 2728 268 2808 quis
292 2729 427 2790 moriens
450 2736 481 2789 et
501 2745 642 2789 sororem
662 2725 693 2785 in
716 2724 844 2805 capillos
867 2722 1025 2790 dimiserit.

64 2833 113 2896 11.
148 2829 179 2890 Si
201 2829 268 2909 quis
289 2829 499 2911 langobardus
526 2827 714 2908 pertinentes
740 2845 813 2889 suos
840 2824 980 2906 thingare
1006 2827 1149 2894 uoluerit.

62 2936 111 2999 12.
146 2931 176 2992 Si
200 2932 268 3011 quis
289 2932 320 2991 in
344 2931 545 3012 egritudinem
568 2950 617 2991 res
640 2948 712 2992 suas
734 2928 933 2993 ordinaueril.

63 3037 112 3100 13.
145 3034 176 3094 Si
199 3034 265 3115 quis
287 3054 350 3095 non
371 3031 491 3097 habens
513 3032 619 3107 filium,
642 3051 736 3093 uuam
758 3030 853 3092 liliam
873 3050 962 3093 suam
984 3032 1148 3093 meliorare

145 3136 287 3201 uoluerit.

63 3239 110 3303 11.
142 3239 188 3299 De
209 3239 367 3300 usufructu
389 3239 495 3300 uxoris
518 3257 583 3305 sue.
699 3273 702 3279 ·

63 3343 109 3406 15.
141 3341 188 3401 De
209 3340 416 3421 panarimpha
438 3351 504 3419 [niel.

61 3445 109 3508 16.
141 3444 187 3503 De
210 3441 422 3513 conuenientia
444 3461 512 3502 cum
534 3440 732 3521 pontificibus
755 3439 805 3500 uel
827 3439 956 3504 abbatis.

61 3547 109 3611 17.
142 3546 188 3605 De
209 3547 434 3624 conparatione
455 3542 593 3617 ecclesie,
616 3542 719 3623 quiin
742 3541 868 3603 mundio
890 3540 995 3621 palatii
1017 3548 1074 3604 est.

59 3648 108 3712 18.
142 3647 172 3708 Si
195 3646 262 3727 quis
285 3665 335 3708 res
359 3645 487 3729 ecclesie
509 3645 693 3725 possederit.

59 3751 107 3815 19.
140 3749 187 3808 De
214 3757 442 3810 sacramentum
468 3748 546 3808 inter
572 3747 687 3810 iudices
714 3745 764 3807 uel
790 3747 904 3806 abbate
930 3761 986 3805 seu
1010 3743 1147 3824 presby-

140 3857 237 3911 terum
262 3851 402 3934 ecclesie.

54 3954 105 4017 20.
137 3953 184 4013 De
206 3963 436 4016 sacramentum
459 3971 528 4013 cum
550 3958 691 4014 auctores
713 3949 804 4030 regis.

53 4057 104 4121 21.
137 4055 183 4115 De
204 4055 334 4134 pignera
355 4056 526 4130 bominum,
555 4054 606 4134 qui
629 4054 658 4114 in
682 4051 817 4113 exercitu
840 4046 1000 4111 ambulare
1022 4047 1146 4113 debent.

52 4160 103 4223 22.
137 4157 168 4217 Si
197 4157 264 4236 quis
291 4158 322 4218 in
349 4159 508 4222 seruitium
542 4155 759 4234 cuiuscumque
786 4171 844 4231 pro
873 4152 956 4211 bona
988 4149 1147 4210 uoluntate

134 4259 317 4326 introhierit.

875 4357 910 4421 11
